<?xml version="1.0" encoding="UTF-8"?>
<OAI-PMH xmlns="http://www.openarchives.org/OAI/2.0/" xmlns:xsi="http://www.w3.org/2001/XMLSchema-instance" xsi:schemaLocation="http://www.openarchives.org/OAI/2.0/ http://www.openarchives.org/OAI/2.0/OAI-PMH.xsd">
<ListRecords>
<record>
<header status="updated">
<identifier>urm_publish:71279191920002121</identifier>
</header>
<metadata>
<record xmlns="http://www.loc.gov/MARC21/slim" xmlns:xsi="http://www.w3.org/2001/XMLSchema-instance" xsi:schemaLocation="http://www.loc.gov/MARC21/slim http://www.loc.gov/standards/marcxml/schema/MARC21slim.xsd" ><leader>00821cam a2200253   4500</leader><controlfield tag="005">20031009134749.0</controlfield><controlfield tag="008">740703s1967    enkb          00000 eng  </controlfield><controlfield tag="001">999477461202121</controlfield><datafield tag="010" ind1=" " ind2=" "><subfield code="a">map67000619 </subfield></datafield><datafield tag="035" ind1=" " ind2=" "><subfield code="a">(OCoLC)00936402</subfield></datafield><datafield tag="035" ind1=" " ind2=" "><subfield code="9">AAM7370UW</subfield></datafield><datafield tag="035" ind1=" " ind2=" "><subfield code="a">(WU)112246-uwmadisondb</subfield></datafield><datafield tag="040" ind1=" " ind2=" "><subfield code="a">DLC</subfield><subfield code="b">eng</subfield><subfield code="c">BWE</subfield><subfield code="d">OCL</subfield><subfield code="d">GZM</subfield></datafield><datafield tag="050" ind1="0" ind2=" "><subfield code="a">G1033</subfield><subfield code="b">.M17</subfield></datafield><datafield tag="100" ind1="1" ind2=" "><subfield code="a">McEvedy, Colin.</subfield><subfield code="2">LCNAMES</subfield><subfield code="0">41-LIBRARY_OF_CONGRESS-n  80016988</subfield><subfield code="9">Y</subfield></datafield><datafield tag="245" ind1="1" ind2="4"><subfield code="a">The Penguin atlas of ancient history.</subfield><subfield code="c">Maps devised by the author and drawn by John Woodcock.</subfield></datafield><datafield tag="264" ind1=" " ind2="1"><subfield code="a">[Harmondsworth ;] </subfield><subfield code="a">[Baltimore] :</subfield><subfield code="b">Penguin Books,</subfield><subfield code="c">[1967]</subfield></datafield><datafield tag="300" ind1=" " ind2=" "><subfield code="a">96 pages :</subfield><subfield code="b">color maps. ;</subfield><subfield code="c">19 x 23 cm.</subfield></datafield><datafield tag="336" ind1=" " ind2=" "><subfield code="a">text</subfield><subfield code="b">txt</subfield><subfield code="2">rdacontent</subfield></datafield><datafield tag="337" ind1=" " ind2=" "><subfield code="a">unmediated</subfield><subfield code="b">n</subfield><subfield code="2">rdamedia</subfield></datafield><datafield tag="338" ind1=" " ind2=" "><subfield code="a">volume</subfield><subfield code="b">nc</subfield><subfield code="2">rdacarrier</subfield></datafield><datafield tag="490" ind1="0" ind2=" "><subfield code="a">Penguin books ;</subfield><subfield code="v">Q32</subfield></datafield><datafield tag="650" ind1=" " ind2="0"><subfield code="a">Geography, Ancient</subfield><subfield code="v">Maps.</subfield><subfield code="2">LCSH</subfield><subfield code="0">41-LIBRARY_OF_CONGRESS-sh 85054013</subfield><subfield code="9">Y</subfield></datafield><datafield tag="997" ind1=" " ind2=" "><subfield code="a">MARCIVE</subfield></datafield><datafield tag="650" ind1=" " ind2="0"><subfield code="a">Atlases, Historical</subfield><subfield code="2">LCSH</subfield><subfield code="0">41-LIBRARY_OF_CONGRESS-sh 85054013</subfield><subfield code="9">N</subfield></datafield><datafield tag="650" ind1=" " ind2="0"><subfield code="a">Historical atlases</subfield><subfield code="2">LCSH</subfield><subfield code="0">41-LIBRARY_OF_CONGRESS-sh 85054013</subfield><subfield code="9">N</subfield></datafield><datafield tag="650" ind1=" " ind2="0"><subfield code="w">g</subfield><subfield code="a">Early maps</subfield><subfield code="2">LCSH</subfield><subfield code="0">41-LIBRARY_OF_CONGRESS-sh 85054013</subfield><subfield code="9">R</subfield></datafield><datafield tag="INST" ind1=" " ind2=" "><subfield code="a">01UWI_NETWORK</subfield><subfield code="b">P</subfield><subfield code="c">71279191920002121</subfield></datafield><datafield tag="INST" ind1=" " ind2=" "><subfield code="a">01UWI_MAD</subfield><subfield code="b">P</subfield><subfield code="c">21492872780002122</subfield></datafield><datafield tag="INST" ind1=" " ind2=" "><subfield code="a">01UWI_ML</subfield><subfield code="b">P</subfield><subfield code="c">21188089560002124</subfield></datafield><datafield tag="INST" ind1=" " ind2=" "><subfield code="a">01UWI_RF</subfield><subfield code="b">P</subfield><subfield code="c">2159044820002129</subfield></datafield><datafield tag="INST" ind1=" " ind2=" "><subfield code="a">01UWI_SF</subfield><subfield code="b">P</subfield><subfield code="c">2133537930002130</subfield></datafield><datafield tag="INST" ind1=" " ind2=" "><subfield code="a">01UWI_ST</subfield><subfield code="b">P</subfield><subfield code="c">2129946680002131</subfield></datafield><datafield tag="AVA" ind1=" " ind2=" "><subfield code="0">991122463602122</subfield><subfield code="8">22854728400002122</subfield><subfield code="a">01UWI_MAD</subfield><subfield code="b">REMOTE</subfield><subfield code="c">by request only</subfield><subfield code="d">G1033 M17</subfield><subfield code="e">available</subfield><subfield code="f">1</subfield><subfield code="g">0</subfield><subfield code="j">vsf</subfield><subfield code="k">0</subfield><subfield code="p">1</subfield><subfield code="q">Verona Shelving Facility</subfield></datafield><datafield tag="AVA" ind1=" " ind2=" "><subfield code="0">997044123402124</subfield><subfield code="8">22188089550002124</subfield><subfield code="a">01UWI_ML</subfield><subfield code="b">MIL</subfield><subfield code="c">Stacks</subfield><subfield code="d">G1033 M17 1967</subfield><subfield code="e">available</subfield><subfield code="f">1</subfield><subfield code="g">0</subfield><subfield code="j">stk</subfield><subfield code="k">0</subfield><subfield code="p">1</subfield><subfield code="q">UW Milwaukee</subfield></datafield><datafield tag="AVA" ind1=" " ind2=" "><subfield code="0">991409033602129</subfield><subfield code="8">2259044810002129</subfield><subfield code="a">01UWI_RF</subfield><subfield code="b">RF</subfield><subfield code="c">Main Collection</subfield><subfield code="d">G1033 .M17</subfield><subfield code="e">available</subfield><subfield code="f">1</subfield><subfield code="g">0</subfield><subfield code="j">stacks</subfield><subfield code="k">0</subfield><subfield code="p">1</subfield><subfield code="q">Chalmer Davee Library</subfield></datafield><datafield tag="AVA" ind1=" " ind2=" "><subfield code="0">99214763602130</subfield><subfield code="8">2233537920002130</subfield><subfield code="a">01UWI_SF</subfield><subfield code="b">SP</subfield><subfield code="c">Books (4th floor: A-PQ &amp; 5th floor: PR-Z)</subfield><subfield code="d">G1033 .M17 1975</subfield><subfield code="e">available</subfield><subfield code="f">1</subfield><subfield code="g">0</subfield><subfield code="j">stack</subfield><subfield code="k">0</subfield><subfield code="p">1</subfield><subfield code="q">UW Stevens Point Library</subfield></datafield><datafield tag="AVA" ind1=" " ind2=" "><subfield code="0">991709623402131</subfield><subfield code="8">2229946670002131</subfield><subfield code="a">01UWI_ST</subfield><subfield code="b">STOUT</subfield><subfield code="c">Main Collection, 5th Floor</subfield><subfield code="d">G1033 .M17 1967</subfield><subfield code="e">available</subfield><subfield code="f">1</subfield><subfield code="g">0</subfield><subfield code="j">MAIN5</subfield><subfield code="k">0</subfield><subfield code="p">1</subfield><subfield code="q">UW Stout Library</subfield></datafield><datafield tag="MMS" ind1=" " ind2=" "><subfield code="b">999477461202121</subfield><subfield code="a">01UWI_NETWORK</subfield></datafield><datafield tag="MMS" ind1=" " ind2=" "><subfield code="b">991122463602122</subfield><subfield code="a">01UWI_MAD</subfield></datafield><datafield tag="MMS" ind1=" " ind2=" "><subfield code="b">997044123402124</subfield><subfield code="a">01UWI_ML</subfield></datafield><datafield tag="MMS" ind1=" " ind2=" "><subfield code="b">991409033602129</subfield><subfield code="a">01UWI_RF</subfield></datafield><datafield tag="MMS" ind1=" " ind2=" "><subfield code="b">99214763602130</subfield><subfield code="a">01UWI_SF</subfield></datafield><datafield tag="MMS" ind1=" " ind2=" "><subfield code="b">991709623402131</subfield><subfield code="a">01UWI_ST</subfield></datafield></record>
</metadata>
</record>
</ListRecords>
</OAI-PMH>